<?xml version="1.0" encoding="UTF-8"?><collection xmlns="http://www.loc.gov/MARC21/slim"><record><leader>00444nam--2200145-i-4500</leader><controlfield tag="001">000023203</controlfield><controlfield tag="002">20161230</controlfield><controlfield tag="005">20161230201034</controlfield><controlfield tag="008">060222s1000------------r-----000-0-eng-d</controlfield><datafield ind1=" " ind2=" " tag="080"><subfield code="a">539.663:015:539.2:539.143.4:539.17.015</subfield></datafield><datafield ind1=" " ind2=" " tag="100"><subfield code="a">Haroutunian, Roger</subfield></datafield><datafield ind1=" " ind2=" " tag="245"><subfield code="a">Microstructure autor de l`ion tm observee par correlation angulaire perturbee. these</subfield></datafield><datafield ind1=" " ind2=" " tag="260"><subfield code="a">Lyon, Inst.De Ph.Nucleaire, 1972. 50 P</subfield></datafield><datafield ind1=" " ind2=" " tag="490"><subfield code="a">Lycen 7223</subfield></datafield><datafield ind1=" " ind2=" " tag="852"><subfield code="a">36872</subfield></datafield></record></collection>